<?xml version="1.0" encoding="UTF-8"?><record xmlns="http://www.loc.gov/MARC21/slim" xmlns:cinclude="http://apache.org/cocoon/include/1.0" xmlns:zs="http://www.loc.gov/zing/srw/">
  <leader>00579nz  a2200169n  4500</leader>
  <controlfield tag="001">n 2015014322</controlfield>
  <controlfield tag="003">DLC</controlfield>
  <controlfield tag="005">20150306134434.0</controlfield>
  <controlfield tag="008">150306n| azannaabn          |b aaa      </controlfield>
  <datafield tag="010" ind1=" " ind2=" ">
    <subfield code="a">n 2015014322</subfield>
  </datafield>
  <datafield tag="040" ind1=" " ind2=" ">
    <subfield code="a">DLC</subfield>
    <subfield code="b">eng</subfield>
    <subfield code="c">DLC</subfield>
    <subfield code="e">rda</subfield>
  </datafield>
  <datafield tag="046" ind1=" " ind2=" ">
    <subfield code="f">1950</subfield>
  </datafield>
  <datafield tag="100" ind1="1" ind2=" ">
    <subfield code="a">Iwata, Akira,</subfield>
    <subfield code="d">1950-</subfield>
  </datafield>
  <datafield tag="400" ind1="1" ind2=" ">
    <subfield code="a">岩田彰,</subfield>
    <subfield code="d">1950-</subfield>
  </datafield>
  <datafield tag="667" ind1=" " ind2=" ">
    <subfield code="a">Non-Latin script reference not evaluated</subfield>
  </datafield>
  <datafield tag="670" ind1=" " ind2=" ">
    <subfield code="a">Dijitaru shingō shori, Heisei 25 2013:</subfield>
    <subfield code="b">t.p. (岩田彰, Iwata Akira) vita (r.; D.Engn.; prof., Nagoya Kōgyō Daigaku Daigakuin)</subfield>
  </datafield>
  <datafield tag="670" ind1=" " ind2=" ">
    <subfield code="a">NDL Auth. file, 3-6-2015:</subfield>
    <subfield code="b">hdg. (岩田彰, 1950-)</subfield>
  </datafield>
</record>